@online{stack_sha,
  title   = {{Stack Overflow}},
  journal = {Stack Overflow},
  year    = {2025},
  month   = may,
  note    = {[Online; accessed 19. May 2025]},
  url     = {https://stackoverflow.com/questions/43562401/using-hashlib-sha256-to-create-a-unique-id-is-this-guaranteed-to-be-unique}
}

@online{dcode_sha,
  title = {{SHA-256 - Hash SHA256 Mot de Passe - D{\ifmmode\acute{e}\else\'{e}\fi}coder, Encoder en Ligne}},
  year  = {2025},
  month = may,
  note  = {[Online; accessed 19. May 2025]},
  url   = {https://www.dcode.fr/hash-sha256}
}

@online{python_tk,
  title   = {{Graphical User Interfaces with Tk}},
  journal = {Python documentation},
  year    = {2025},
  month   = may,
  note    = {[Online; accessed 19. May 2025]},
  url     = {https://docs.python.org/3/library/tk.html}
}

@online{stack_json,
  title   = {{Stack Overflow}},
  journal = {Stack Overflow},
  year    = {2025},
  month   = may,
  note    = {[Online; accessed 19. May 2025]},
  url     = {https://stackoverflow.com/questions/16129652/accessing-json-elements}
}

@article{Acsany2024Dec,
  author    = {Acsany, Philipp},
  title     = {{Working With JSON Data in Python}},
  journal   = {Real Python},
  year      = {2024},
  month     = dec,
  publisher = {Real Python},
  url       = {https://realpython.com/python-json}
}

@online{python_json,
  title   = {{json {\ifmmode---\else\textemdash\fi} JSON encoder and decoder}},
  journal = {Python documentation},
  year    = {2025},
  month   = may,
  note    = {[Online; accessed 19. May 2025]},
  url     = {https://docs.python.org/3/library/json.html}
}

@online{w3s_json,
  title = {{W3Schools.com}},
  year  = {2025},
  month = may,
  note  = {[Online; accessed 19. May 2025]},
  url   = {https://www.w3schools.com/python/python_json.asp}
}

@article{Alphorm2025Jan,
  author  = {Alphorm, L'{\ifmmode\acute{E}\else\'{E}\fi}quipe and Alphorm, L'{\ifmmode\acute{E}\else\'{E}\fi}quipe},
  title   = {{Ma{\ifmmode\hat{\imath}\else\^{\i}\fi}triser la manipulation JSON en Python}},
  journal = {Blog Alphorm},
  year    = {2025},
  month   = jan,
  url     = {https://blog.alphorm.com/maitriser-la-manipulation-json-en-python}
}

@online{stack_hash,
  title   = {{Stack Overflow}},
  journal = {Stack Overflow},
  year    = {2025},
  month   = may,
  note    = {[Online; accessed 19. May 2025]},
  url     = {https://stackoverflow.com/questions/62527331/what-does-hexdigest-do-in-python}
}